@online{DANE2025b,
  author = {DANE},
  title  = {PIB por departamento: Informaci\'on 2024 preliminar},
  year   = {2025},
  note   = {Recuperado el 7 de septiembre de 2025},
  url    = {https://www.dane.gov.co/index.php/estadisticas-por-tema/cuentas-nacionales/cuentas-nacionales-departamentales#:~:text=Informaci%C3%B3n%202024%20preliminar,1%25%20del%20PIB%20de%20Colombia.}
}

@online{DANE2025a,
  author = {DANE},
  title  = {Gran Encuesta Integrada de Hogares (GEIH) hist\'oricos},
  year   = {2025},
  note   = {Recuperado el 7 de septiembre de 2025},
  url    = {https://www.dane.gov.co/index.php/estadisticas-por-tema/mercado-laboral/empleo-y-desempleo/geih-historicos}
}

@online{Banrep2025,
  author = {BanRep},
  title  = {Notas metodol\'ogicas de series estad\'isticas hist\'oricas: Mercado laboral},
  year   = {2025},
  note   = {Recuperado el 7 de septiembre de 2025},
  url    = {https://www.banrep.gov.co/es/estadisticas-economicas/series-historicas/mercado-laboral}
}

@techreport{Fergusson2022,
  author      = {Fergusson, Leopoldo and Hofstetter, Marc},
  title       = {The Colombian Tax System: A Diagnostic Review and Proposals for Reform},
  institution = {United Nations Development Programme (UNDP)},
  year        = {2022},
  month       = {August},
  number      = {UNDP LAC PDS No. 28},
  url         = {https://www.undp.org/sites/g/files/zskgke326/files/2022-09/UNDP-PolicyDocumentSeries-28-en.pdf}
}

@incollection{Lora2021a,
  author    = {Mej{\'\i}a, Luis Fernando},
  title     = {Elementos para reducir la evasi\'on y la elusi\'on tributaria},
  booktitle = {Reformas para una Colombia post-COVID-19: Hacia un nuevo contrato social},
  editor    = {Lora, Eduardo and Mej{\'\i}a, Luis Fernando},
  publisher = {Fedesarrollo},
  address   = {Bogot\'a},
  year      = {2021},
  chapter   = {8}
}

@incollection{Lora2021b,
  author    = {Lora, Eduardo and Ben\'itez, Miguel},
  title     = {Impuesto de renta a las personas naturales},
  booktitle = {Reformas para una Colombia post-COVID-19: Hacia un nuevo contrato social},
  editor    = {Lora, Eduardo and Mej{\'\i}a, Luis Fernando},
  publisher = {Fedesarrollo},
  address   = {Bogot\'a},
  year      = {2021},
  chapter   = {4}
}

@book{Mincer1974,
  author    = {Mincer, Jacob},
  title     = {Schooling, Experience, and Earnings},
  year      = {1974},
  address   = {New York},
  publisher = {Columbia University Press for the National Bureau of Economic Research},
  isbn      = {0-87014-265-8}
}

@article{MurphyWelch1990,
  author  = {Murphy, Kevin M. and Welch, Finis},
  title   = {Empirical Age-Earnings Profiles},
  journal = {Journal of Labor Economics},
  year    = {1990},
  volume  = {8},
  number  = {2},
  pages   = {202--229},
  month   = {April},
  doi     = {10.1086/298220}
}

@incollection{Card1999,
  author    = {Card, David},
  title     = {The Causal Effect of Education on Earnings},
  booktitle = {Handbook of Labor Economics},
  editor    = {Ashenfelter, Orley and Card, David},
  publisher = {Elsevier (North-Holland)},
  address   = {Amsterdam},
  year      = {1999},
  volume    = {3A},
  pages     = {1801--1863},
  doi       = {10.1016/S1573-4463(99)03011-4}
}

@incollection{HeckmanLochnerTodd2006,
  author    = {Heckman, James J. and Lochner, Lance J. and Todd, Petra E.},
  title     = {Earnings Functions, Rates of Return and Treatment Effects: The Mincer Equation and Beyond},
  booktitle = {Handbook of the Economics of Education},
  editor    = {Hanushek, Eric A. and Welch, Finis},
  publisher = {Elsevier},
  address   = {Amsterdam},
  year      = {2006},
  volume    = {1},
  chapter   = {7},
  pages     = {307--458}
}

@article{LagakosEtAl2018,
  author  = {Lagakos, David and Moll, Benjamin and Porzio, Tommaso and Qian, Nancy and Schoellman, Todd},
  title   = {Life-Cycle Wage Growth across Countries},
  journal = {Journal of Political Economy},
  year    = {2018},
  volume  = {126},
  number  = {2},
  pages   = {797--849},
  month   = {April},
  doi     = {10.1086/696225}
}

@article{Fernandez2018,
  title = {Skill premium, labor supply, and changes in the structure of wages in Latin America},
  author = {Fernández, Manuel and Messina, Julián},
  journal = {Journal of Development Economics},
  volume = {135},
  pages = {555--573},
  year = {2018},
  month = {November},
  publisher = {Elsevier},
  doi = {10.1016/j.jdeveco.2018.08.012},
  url = {https://doi.org/10.1016/j.jdeveco.2018.08.012}
}

@incollection{Startz2014,
  author       = {Richard Startz},
  title        = {Age-Earnings Profile},
  booktitle    = {Encyclopedia of Education Economics \& Finance},
  year         = {2014},
  publisher    = {SAGE Publications},
  doi          = {10.4135/9781483346595.n21},
  url          = {https://doi.org/10.4135/9781483346595.n21}
}

@article{Luong2009,
  author       = {May Luong and Beno\^it-Paul H\'ebert},
  title        = {Age and earnings},
  journal      = {Perspectives},
  year         = {2009},
  month        = {January},
  number       = {75-001-X},
  pages        = {5},
  publisher    = {Statistics Canada},
  url          = {https://www150.statcan.gc.ca/n1/pub/75-001-x/2009101/article/10717-eng.htm} % Aprox URL, revisar si se requiere el exacto
}


@article{Scarfe2023,
  author       = {Rachel Scarfe and Carl Singleton and Adesola Sunmoni and Paul Telemo},
  title        = {The age-wage-productivity puzzle: Evidence from the careers of top earners},
  journal      = {Economic Inquiry},
  year         = {2023},
  publisher    = {Wiley},
  doi          = {10.1111/ecin.13191},
  url          = {https://doi.org/10.1111/ecin.13191}
}

@techreport{Casanova2012,
  author       = {Maria Casanova},
  title        = {Wage and Earnings Profiles at Older Ages},
  institution  = {Human Capital and Economic Opportunity Working Group, University of Chicago},
  type         = {Working Paper},
  number       = {2012-001},
  year         = {2012},
  month        = {January},
  address      = {Chicago, IL},
  url          = {https://hceconomics.uchicago.edu/research/working-paper/wage-and-earnings-profiles-older-ages}
}
